@book{
	berg01,
	AUTHOR = "Bruce L. Berg",
	TITLE = "Qualitative research methods for the social sciences",
	PUBLISHER = {Allyn \& Bacon},
	YEAR = 2001
}